@book{ignition,
    author = {John D Clark},
    title = {Ignition!},
    publisher = {Rutgers University Press},
    year = 1972
}

@incollection{HumbleHybrid,
    author = {David Altman, Ronald Humble},
    title = {Hybrid Rocket Propulsion systems},
    booktitle = {Propulsion Analysis And Design},
    publisher = {McGraw-Hill},
    year = 1995
}

@techreport{T59IREC2018,
    author = {N/A},
    title = {Team 59 Technical Report for IREC 2018},
    institution = {Orenos Polytechniqe Motreal},
    year = 2018
}

@unpublished{HybridImage,
    author = {aerospaceNotes},
    title = {Hybrid Rocket Propulsion},
    note = {https://aeronotes.weebly.com/hybrid-rocket-propulsion.html, accessed 8.30.25}
}